<?xml version="1.0" encoding="UTF-8"?><collection xmlns="http://www.loc.gov/MARC21/slim"><record><leader>00383nam--2200145-i-4500</leader><controlfield tag="001">000017206</controlfield><controlfield tag="002">20161230</controlfield><controlfield tag="005">20161230201032</controlfield><controlfield tag="008">060222s1000------------r-----000-0-eng-d</controlfield><datafield ind1=" " ind2=" " tag="080"><subfield code="a">576.5:53(043)</subfield></datafield><datafield ind1=" " ind2=" " tag="100"><subfield code="a">Gheorghiu, Eugen</subfield></datafield><datafield ind1=" " ind2=" " tag="245"><subfield code="a">Caracterizarea dinamicii celulare in cadrul te oriei sistemelor dinamice</subfield></datafield><datafield ind1=" " ind2=" " tag="260"><subfield code="a">Bucuresti, 1994. 105 P</subfield></datafield><datafield ind1=" " ind2=" " tag="490"><subfield code="a">Teza</subfield></datafield><datafield ind1=" " ind2=" " tag="852"><subfield code="a">80148</subfield></datafield></record></collection>